@misc{cemosis,
  title = {},
  howpublished = {\url{}},
  note = {Accessed: }
}